<?xml version="1.0" encoding="UTF-8"?><collection xmlns="http://www.loc.gov/MARC21/slim"><record><leader>00394nam--2200121-i-4500</leader><controlfield tag="001">000019203</controlfield><controlfield tag="002">20161230</controlfield><controlfield tag="005">20161230201033</controlfield><controlfield tag="008">060222s1000------------r-----000-0-eng-d</controlfield><datafield ind1=" " ind2=" " tag="080"><subfield code="a">621.039.53</subfield></datafield><datafield ind1=" " ind2=" " tag="245"><subfield code="a">Conference on the use of zirconium alloys in nuclear reactors october 1-3, 1968.marianske lazne, czechoslovakia.general proceedings</subfield></datafield><datafield ind1=" " ind2=" " tag="260"><subfield code="a">Plzen, Skoda Plzen, 1968. 512 P</subfield></datafield><datafield ind1=" " ind2=" " tag="852"><subfield code="a">33265</subfield></datafield></record></collection>